@article{DBLP:journals/corr/abs-1708-02174,
  author    = {Pooya Khaloo and
               Mehran Maghoumi and
               Eugene M. Taranta II and
               David Bettner and
               Joseph J. LaViola Jr.},
  title     = {Code Park: {A} New 3D Code Visualization Tool},
  journal   = {CoRR},
  volume    = {abs/1708.02174},
  year      = {2017},
  url       = {http://arxiv.org/abs/1708.02174},
  archivePrefix = {arXiv},
  eprint    = {1708.02174},
  timestamp = {Mon, 13 Aug 2018 16:47:08 +0200},
  biburl    = {https://dblp.org/rec/bib/journals/corr/abs-1708-02174},
  bibsource = {dblp computer science bibliography, https://dblp.org}
}

@phdthesis{wettel2010software,
  title={Software systems as cities},
  author={Wettel, Richard},
  year={2010},
  school={Universit{\`a} della Svizzera italiana}
}

@misc{mar_2016, 
    title={130 Project Risks (List)}, url={https://management.simplicable.com/management/new/130-project-risks}, 
    journal={Simplicable}, 
    author={Mar, Ann}, 
    year={2016}, 
    month={Jun}
}

@article{slaughter1998evaluating,
  title={Evaluating the cost of software quality},
  author={Slaughter, Sandra A and Harter, Donald E and Krishnan, Mayuram S},
  journal={Communications of the ACM},
  volume={41},
  number={8},
  pages={67--73},
  year={1998},
  publisher={ACM}
}

@article{westland2002cost,
  title={The cost of errors in software development: evidence from industry},
  author={Westland, J Christopher},
  journal={Journal of Systems and Software},
  volume={62},
  number={1},
  pages={1--9},
  year={2002},
  publisher={Elsevier}
}

@article{Krueger:1992:SR:130844.130856,
 author = {Krueger, Charles W.},
 title = {Software Reuse},
 journal = {ACM Comput. Surv.},
 issue_date = {June 1992},
 volume = {24},
 number = {2},
 month = jun,
 year = {1992},
 issn = {0360-0300},
 pages = {131--183},
 numpages = {53},
 url = {http://doi.acm.org/10.1145/130844.130856},
 doi = {10.1145/130844.130856},
 acmid = {130856},
 publisher = {ACM},
 address = {New York, NY, USA},
 keywords = {abstraction, cognitive distance, software reuse},
} 

@inproceedings{mileva2009mining,
  title={Mining trends of library usage},
  author={Mileva, Yana Momchilova and Dallmeier, Valentin and Burger, Martin and Zeller, Andreas},
  booktitle={Proceedings of the joint international and annual ERCIM workshops on Principles of software evolution (IWPSE) and software evolution (Evol) workshops},
  pages={57--62},
  year={2009},
  organization={ACM}
}

@article{spinellis2003readingWritingCode,
  title={Reading, writing, and code},
  author={Spinellis, Diomidis},
  journal={Queue},
  volume={1},
  number={7},
  pages={84},
  year={2003},
  publisher={ACM}
}

@article{DBLP:journals/corr/abs-1712-00675,
  author    = {Anh Nguyen{-}Duc},
  title     = {The impact of software complexity on cost and quality - {A} comparative
               analysis between Open source and proprietary software},
  journal   = {CoRR},
  volume    = {abs/1712.00675},
  year      = {2017},
  url       = {http://arxiv.org/abs/1712.00675},
  archivePrefix = {arXiv},
  eprint    = {1712.00675},
  timestamp = {Mon, 13 Aug 2018 16:46:21 +0200},
  biburl    = {https://dblp.org/rec/bib/journals/corr/abs-1712-00675},
  bibsource = {dblp computer science bibliography, https://dblp.org}
}

%%%%%
% Eldar:
%   This should be revised later
%%%%%
@misc{lovdata:gdpr,
  author={EUROPAPARLAMENTET OG RÅDET FOR DEN EUROPEISKE UNION},
  title={Lov om behandling av personopplysninger (personopplysningsloven)
EUROPAPARLAMENTS- OG RÅDSFORORDNING (EU) 2016/679 av 27. april 2016 om vern av fysiske personer i forbindelse med behandling av personopplysninger og om fri utveksling av slike opplysninger samt om oppheving av direktiv 95/46/EF (generell personvernforordning) [GDPR]},
  year={2016},
  note={\newline\url{https://lovdata.no/dokument/NL/lov/2018-06-15-38/KAPITTEL_gdpr#KAPITTEL_gdpr}},
  publisher={https://lovdata.no},
}

%%
%% This is from BachelorExample.bib
%%

% This file was created with JabRef 2.10.
% Encoding: Cp1252


@Article{Askvall1985,
  Title                    = {Computer supported reading vs. reading text on paper: A comparison of two reading situasions},
  Author                   = {S. Askvall},
  Journal                  = {International Journal on Man-Machine Studies},
  Year                     = {1985},
  Number                   = {22},
  Pages                    = {425-439},
  Volume                   = {4}
}

@Book{Card1983,
  Title                    = {The psychology of human-computer interaction},
  Author                   = {S. K. Card and T. P. Moran and A. Newell},
  Publisher                = {Erlbaum},
  Year                     = {1983}
}

@Misc{HiG2010,
  Title                    = {HiG Website},
  Author                   = {HiG},
  HowPublished             = {\url{http://www.hig.no}},
  Year                     = {2010}
}

@InProceedings{Lancaster1985,
  Title                    = {Electronic publication and its impact on the presentation of information},
  Author                   = {F. W. Lancaster and A. Warner},
  Booktitle                = {The technology of text: Principles for structuring, designing, and displaying text},
  Year                     = {1985},
  Editor                   = {D. H. Jonassen},
  Pages                    = {292-309},
  Publisher                = {Educational Technology Publications}
}

@Article{Liu2011,
  Title                    = {Aspiration-based learning promotes cooperation in spatial prisoner's dilemma games},
  Author                   = {Yongkui Liu and Xiaojie Chen and Long Wang and Bin Li and Wenge Zhang and Huifeng Wang},
  Journal                  = {EPL (Europhysics Letters)},
  Year                     = {2011},
  Number                   = {6},
  Pages                    = {60002},
  Volume                   = {94},

  Abstract                 = {We study the evolution of cooperation in spatial prisoner's dilemma by proposing an aspiration-based preference learning, under which individuals switch the learning agents only if the achieved payoffs are lower than their aspirations. Both synchronous and asynchronous updates are considered. We find that the aspiration level can substantially influence the evolution of cooperation, with the moderate aspiration level leading to a plateau of the high cooperation level. There exist phase transitions for proper combinations of parameters and we give an analysis for the phase transition points. We also investigate the stationary configuration patterns and the stationary distributions of cooperators and defectors on the square lattice for a comprehensive understanding. The behavior of the well-mixed system of our model has also been discussed. Our results may provide further insights into understanding the role played by individual aspiration in the emergence of cooperation.},
  Owner                    = {admin},
  Timestamp                = {2015.05.08},
  Url                      = {http://stacks.iop.org/0295-5075/94/i=6/a=60002}
}

@Article{Liu2011a,
  Title                    = {Aspiration-based learning promotes cooperation in spatial prisoner's dilemma games},
  Author                   = {Liu, Yongkui and Chen, Xiaojie and Wang, Long and Li, Bin and Zhang, Wenge and Wang, Huifeng},
  Journal                  = {EPL (Europhysics Letters)},
  Year                     = {2011},
  Number                   = {6},
  Pages                    = {60002},
  Volume                   = {94},

  Publisher                = {IOP Publishing}
}

@Misc{Meldon1997,
  Title                    = {Reading from the web},

  Author                   = {W. Meldon},
  HowPublished             = {\url{http://www.mit.edu/compsci/humanfactors/report9734.html}},
  Note                     = {(Visited Nov. 2000)},
  Year                     = {1997}
}

@Misc{texexchange,
  Title                    = {Tex Exchange},
  HowPublished             = {\url{http://tex.stackexchange.com/}},
  Note                     = {(Visited Jan. 2016)},
  Year                     = {2016}
}

@Misc{Sieber2009,
  Title                    = {Ballbouncer},

  Author                   = {Jana Sieber},
  HowPublished             = {web},
  Month                    = {March},
  Year                     = {2009},

  Owner                    = {simonm},
  Timestamp                = {2010.05.18}
}

@Misc{,
  Title                    = {Directions for the Master's Thesis at the {D}epartment of {C}omputer {S}cience and {M}edia {T}echnology, {G}jøvik {U}niversity {C}ollege},
  HowPublished             = {http://www.hi.gno/imt/index.php?id=205},
  Note                     = {(Visited March 2005)}
}

@Misc{schwaberScrum.2017,
    author = {Ken Schwaber, Jeff Sutherland.},
    title  = {The Scrum Guide},
    month  = {nov},
    year   = {2017},
    url    = {https://www.scrumguides.org/docs/scrumguide/v2017/2017-Scrum-Guide-US.pdf#zoom=100},
    note = {Accessed: 2019-04-03}
}

@misc{beck2001manifesto,
  title={Manifesto for agile software development},
  author={Beck, Kent and Beedle, Mike and Van Bennekum, Arie and Cockburn, Alistair and Cunningham, Ward and Fowler, Martin and Grenning, James and Highsmith, Jim and Hunt, Andrew and Jeffries, Ron and others},
  year={2001}
}

@book{parr2013definitive,
  title={The definitive ANTLR 4 reference},
  author={Parr, Terence},
  year={2013},
  publisher={Pragmatic Bookshelf}
}

@misc{apacheServer, 
    title={Welcome! - The Apache HTTP Server Project},
    url={https://httpd.apache.org/},
    author={Apache Software Foundation},
    note = {Accessed: 2019-04-03}
}

@misc{ enc:inverseSquare,
    title={inverse-square law},
    url={https://www.thefreedictionary.com/inverse-square+law},
    author={American Heritage Dictionary of the English Language},
    edition={Fifth Edition},
    note = {Retrieved May 17 2019}
}
@misc{ enc:whitebox,
    title="{white box testing}",
    author={Computer Desktop Encyclopedia(1981-2019)},
    url={https://encyclopedia2.thefreedictionary.com/white+box+testing},
    note={Accessed:2019-04-03}
}

@misc{ enc:backend,
    title={back-end},
    author={American Heritage Dictionary of the English Language},
    edition={Fifth Edition},
    year={2011},
    note={Retrieved May 16 2019} ,
    url={from https://www.thefreedictionary.com/back-end}
}

@misc{enc:softwaremetric,
    title="{Software metric}",
    author={McGraw-Hill Concise Encyclopedia of Engineering},
    url={https://encyclopedia2.thefreedictionary.com/software+metric},
    note={Accessed:2019-04-03}
}

@misc{ wiki:softwareDevelopment,
    author = "{Wikipedia contributors}",
    title = "Software development --- {Wikipedia}{,} The Free Encyclopedia",
    year = "2019",
    url = "https://en.wikipedia.org/w/index.php?title=Software_development&oldid=893601234",
    note = "[Online; accessed 3-May-2019]"
}

@misc{wiki:controlFlow,
    author = "{Wikipedia contributors}",
    title = "Control flow --- {Wikipedia}{,} The Free Encyclopedia",
    year = "2019",
    url = "https://en.wikipedia.org/w/index.php?title=Control_flow&oldid=885162294",
    note = "[Online; accessed 3-May-2019]"
}

@misc{ wiki:opensource,
    author = "{Wikipedia contributors}",
    title = "Open source --- {Wikipedia}{,} The Free Encyclopedia",
    year = "2019",
    url = "https://en.wikipedia.org/w/index.php?title=Open_source&oldid=894916949",
    note = "[Online; accessed 3-May-2019]"
}
  
@misc{ wiki:webgl,
    author = "{Wikipedia contributors}",
    title = "WebGL --- {Wikipedia}{,} The Free Encyclopedia",
    year = "2019",
    url = "https://en.wikipedia.org/w/index.php?title=WebGL&oldid=892586864",
    note = "[Online; accessed 4-May-2019]"
}

@misc{ wiki:sourceCode,
    author = "{Wikipedia contributors}",
    title = "Source code --- {Wikipedia}{,} The Free Encyclopedia",
    year = "2019",
    url = "https://en.wikipedia.org/w/index.php?title=Source_code&oldid=894961033",
    note = "[Online; accessed 4-May-2019]"
}

@misc{ wiki:burndown,
    author = "{Wikipedia contributors}",
    title = "Burn down chart --- {Wikipedia}{,} The Free Encyclopedia",
    year = "2018",
    url = "https://en.wikipedia.org/w/index.php?title=Burn_down_chart&oldid=868816075",
    note = "[Online; accessed 4-May-2019]"
}

@misc{ wiki:planningPoker,
    author = "{Wikipedia contributors}",
    title = "Planning poker --- {Wikipedia}{,} The Free Encyclopedia",
    year = "2019",
    url = "https://en.wikipedia.org/w/index.php?title=Planning_poker&oldid=888556553",
    note = "[Online; accessed 5-May-2019]"
}
  
@misc{ atlassian:epic,
    author = "{Max Rehkopf}",
    title = "Epics, Stories, Themes, and Initiatives ",
    year = "2018",
    url = "https://www.atlassian.com/agile/project-management/epics-stories-themes",
    note = "[Online; accessed 4-May-2019]"
}

@misc{ wiki:coupling,
    author = "{Wikipedia contributors}",
    title = "Coupling (computer programming) --- {Wikipedia}{,} The Free Encyclopedia",
    year = "2019",
    url = "https://en.wikipedia.org/w/index.php?title=Coupling_(computer_programming)&oldid=890889110",
    note = "[Online; accessed 5-May-2019]"
}

@COMMENT { BibTex package created from National Library of Australia Catalogue https://catalogue.nla.gov.au  }
@book{book:ElementsofSoftwareScience,
    author = { Halstead, Maurice H. },
    title = { Elements of software science / Maurice H. Halstead },
    isbn = { 0444002057 0444002154 },
    publisher = { Elsevier New York },
    pages = { xiv, 127 p. : },
    year = { 1977 },
    type = { Book },
    language = { English },
    subjects = { Computer software. },
    life-dates = { 1977 -  },
    catalogue-url = { https://nla.gov.au/nla.cat-vn2233304 },
}

@misc{sonarqube_2008, 
    title={About SonarQube}, 
    url={https://www.sonarqube.org/about/}, journal={SonarQube},    publisher={SonarSource}, 
    year={2008}
} 

@misc{maven:junit, 
    title={JUnit - About}, 
    url={https://junit.org/junit4/}, 
    journal={JUnit – About},     
    publisher={Apache Maven Project}, 
    author={Beck, Kent and Gamma, Erich and Saff, David and Clark, Mike},
    note = "[Online; accessed 5-May-2019]"
} 

@misc{github:ava, 
    title={AVA}, 
    url={https://github.com/avajs}, 
    journal={GitHub}, 
    author={Wubben, Mark and Sorhus, Sindre and Demedes, Vadim},
    note = "[Online; accessed 5-May-2019]"
}

@misc{github:apidoc, 
    title={apiDoc}, 
    url={https://github.com/apidoc/apidoc}, 
    journal={GitHub}, 
    author={Rottmann, Peter},
    note = "[Online; accessed 16-May-2019]"
}

@misc{wiki:raycasting,
    author = "{Wikipedia contributors}",
    title = "Ray casting --- {Wikipedia}{,} The Free Encyclopedia",
    year = "2019",
    url = "https://en.wikipedia.org/w/index.php?title=Ray_casting&  id=893943246",
    note = "[Online; accessed 5-May-2019]"
}
 
@misc{scotch:javascriptpatterns, 
    title={4 JavaScript Design Patterns You Should Know}, url={https://scotch.io/bar-talk/4-javascript-design-patterns-you-should-know}, journal={Scotch}, 
    publisher={Scotch}, 
    author={Patel, Devan}, 
    year={2016},
    month={Jul}
}

@book{souphavanh2005localization,
    title={Free/open source software-localization},
    author={Souphavanh, Anousak and Karoonboonyanan, Theppitak},
    year={2005},
    publisher={United Nations Development Programme-Asia Pacifi  Development Information~…},
    pages={2}
}

@misc{cmarix:threejs, 
    title={Why to use ThreeJS in Web application development?}, url={https://www.cmarix.com/why-to-use-threejs-in-web-application-development/}, journal={CMARIX},
    publisher={CMARIX}, 
    year={2018}, 
    month={Jan}
} 

@book{hooke1678,
    title={Lectures de potentia restitutiva, or of spring explainin the power of springing bodies},
    author={Hooke, Robert},
    year={1678},
    publisher={John Martyn}
}

@misc{wordpress:logitandsigmoid,
    title={Sigmoid and Logit function}, url={https://blacklen.wordpress.com/2011/01/01/sigmoid-and-logit-function/}, journal={Logical Intuitions}, 
    publisher={Logical Intuitions}, 
    author={Len},
    year={2011},
    month={Jan}
}

@misc{course:progMath,
    title={Course - Mathematics for Programming - REA1121}, url={https://www.ntnu.edu/studies/courses/REA1121/2016#tab=omEmnet},
    author={Jensen, Bernt Tore and Department of Information Security and Communication Technology}
} 

@misc{course:softSec,
    title={Course - Software Security - IMT3501},
    url={https://www.ntnu.edu/studies/courses/IMT3501/2018#tab=omEmnet},
    author={Katt,Basel and Department of Information Security and Communication Technology}

}

@misc{course:softEng,
    title={Course - Software Engineering - IMT2243 - NTNU},
    url={https://www.ntnu.edu/studies/courses/IMT2243#tab=omEmnet},
    author={Røise, Tom and Department of Computer Science},
    note={Accessed online: 16-May-2019}
}

@misc{course:cloud, 
    title={Course - Cloud Technologies - IMT2681}, 
    url={https://www.ntnu.edu/studies/courses/IMT2681/2018/1#tab=omEmnet}, 
    author={Frantz , Christopher Konstantin and Nowostawski, Mariusz and Department of Computer Science}
}

@misc{course:graphics, 
    title={Emne - Grafikkprogrammering - IMT2531}, 
    url={https://www.ntnu.no/studier/emner/IMT2531/2017#tab=omEmnet},
    author={McCallum, Simon and Institutt for datateknologi og informatikk}
} 

@misc{course:operating,
    title={Course - Operating Systems IMT2282},
    url={https://www.ntnu.edu/studies/courses/IMT2282#tab=omEmnet},
    author={Hjelmås, Erik and Department of Information Security and Communication Technology},
    note={Accessed online: 16-May-2019}
}

@misc{course:gameprog, 
    title={Course - Game Programming - IMT3601}, url={https://www.ntnu.edu/studies/courses/IMT3601/2016#tab=omEmnet},
    author={McCallum, Simon and Department of Computer Science},
    note={Accessed online: 16-May-2019}
}



@misc{course:algmet, 
    title={Course - Algorithmic Methods - IMT2021}, url={https://www.ntnu.edu/studies/courses/IMT2021#tab=omEmnet}, journal={Algorithmic Methods}, 
    author={Haug, Frode and Department of Computer Science}
} 

@misc{course:mathComputerScience, 
    title={Course - Mathematics for computer science - REA1101}, url={https://www.ntnu.edu/studies/courses/REA1101#tab=omEmnet}, journal={Mathematics for computer science}, 
    author={Jensen, Bernt Tore and Department of Mathematical Sciences}
}

@misc{course:webtech, title={Course - Web Technologies - IT2805}, 
    url={https://www.ntnu.edu/studies/courses/IT2805#tab=omEmnet}, 
    journal={Web Technologies}, 
    author={Giannakos, Michail and Department of Computer Science}
} 
@misc{git:cpp14_g4,
    title={CPP14.g4},
    url={https://github.com/antlr/grammars-v4/blob/master/cpp/CPP14.g4},
    author={Sanchez, Camilo},
}

@misc{dollner2000generalizedSceneGraph,
    title={A generalized scene graph},
    author={D{\"o}llner, J{\"u}rgen and Hinrichs, Klaus},
    year={2000},
    publisher={Citeseer}
}

@misc{course:mobileWearable,
    title={Course - Mobile/Wearable Programming - IMT3673}, url={https://www.ntnu.edu/studies/courses/IMT3673/2017#tab=omEmnet}, 
    journal={IMT3673 - Mobile/Wearable Programming}, 
    author={Nowostawski, Mariusz and Department of Computer Science}
}

@misc{mongodb,
    title={What is MongoDB?},
    url={https://www.mongodb.com/what-is-mongodb},
    author={MongoDB Inc},
    note="[Online; accessed 8-May-2019]"
}

@misc{openstack,
    title={Welcome to OpenStack Documentation},
    url={https://docs.openstack.org/stein/},
    author={OpenStack Foundation},
    note="[Online; accessed 8-May-2019]"
}

@misc{openstack:hot,
    title={Heat Orchestration Template (HOT) specification},
    url={https://docs.openstack.org/heat/latest/template_guide/hot_spec.html#hot-spec},
    author={OpenStack Foundation},
    note="[Online; accessed 8-May-2019]"
}

https://docs.openstack.org/heat/latest/template_guide/hot_spec.html#hot-spec

@article{acm:phongShading1986article,
 author = {Bishop, Gary and Weimer, David M.},
 title = {Fast Phong Shading},
 journal = {SIGGRAPH Comput. Graph.},
 issue_date = {Aug. 1986},
 volume = {20},
 number = {4},
 month = aug,
 year = {1986},
 issn = {0097-8930},
 pages = {103--106},
 numpages = {4},
 url = {http://doi.acm.org/10.1145/15886.15897},
 doi = {10.1145/15886.15897},
 acmid = {15897},
 publisher = {ACM},
 address = {New York, NY, USA},
}

@article{acm:perspectiveShadowMap2002article,
    author = {Stamminger, Marc and Drettakis, George},
    title = {Perspective Shadow Maps},
    journal = {ACM Trans. Graph.},
    issue_date = {July 2002},
    volume = {21},
    number = {3},
    month = jul,
    year = {2002},
    issn = {0730-0301},
    pages = {557--562},
    numpages = {6},
    url = {http://doi.acm.org/10.1145/566654.566616},
    doi = {10.1145/566654.566616},
    acmid = {566616},
    publisher = {ACM},
    address = {New York, NY, USA},
    keywords = {frame buffer algorithms, graphics hardware, illumination, level of detail algorithms, rendering, shadow algorithms},
}

@misc{jenkins,
    title={Jenkins User Documentation},
    url={https://jenkins.io/doc/},
    author={Jenkins},
    note="[Online; accessed 9-May-2019]"
}

@misc{github:gotestsplugin, 
    title={cweill/gotests}, 
    url={https://github.com/cweill/gotests}, 
    journal={GitHub},
    author={Weill, Charles}
} 

@misc{github:stackAntlr, 
    title={antlr/antlr4}, url={https://github.com/Antlr/Antlr4/blob/master/doc/faq/parse-trees.md}, journal={GitHub}, 
    author={Parr, Terence}
} 

@misc{mabl:cicd, 
    title={What is CI/CD?}, 
    url={https://www.mabl.com/blog/what-is-cicd}, 
    journal={What is CI/CD?}, publisher={www.mabl.com}, 
    author={Azeri, Izzy}, 
    year={2019},
    month={Jan}
}

@misc{ wiki:toggl,
    author = "{Wikipedia contributors}",
    title = "Toggl --- {Wikipedia}{,} The Free Encyclopedia",
    year = "2019",
    howpublished = "\url{https://en.wikipedia.org/w/index.php?title=Toggl&oldid=884068908}",
    note = "[Online; accessed 11-May-2019]"
}

@misc{ wiki:regex,
    author = "{Wikipedia contributors}",
    title = "Regular expression --- {Wikipedia}{,} The Free Encyclopedia",
    year = "2019",
    howpublished = "\url{https://en.wikipedia.org/w/index.php?title=Regular_expression&oldid=895954942}",
    note = "[Online; accessed 11-May-2019]"
  }
  
@misc{puppet, 
    title={How Puppet works},
    url={https://puppet.com/products/how-puppet-works},
    author={Puppet},
    note = "[Online; accessed 11-May-2019]",
} 
  
@misc{chef, 
    title={Continuous Automation for the Continuous Enterprise}, url={https://www.chef.io/why-chef/},
    author={Chef},
    note = "[Online; accessed 11-May-2019]",
}

@misc{wiki:bestCodingPractises,
    author = "{Wikipedia contributors}",
    title = "Best coding practices --- {Wikipedia}{,} The Free Encyclopedia",
    year = "2019",
    url = "https://en.wikipedia.org/w/index.php?title=Best_coding_practices&oldid=890648825",
    note = "[Online; accessed 14-May-2019]"
}
  
@article{kosara2003user,
    title={User studies: Why, how, and when?},
    author={Kosara, Robert and Healey, Christopher G and Interrante, Victoria and Laidlaw, David H and Ware, Colin},
    journal={IEEE Computer Graphics and Applications},
    pages={20--25},
    year={2003},
    publisher={IEEE}
}

@article{sridhar1995understandingTheUser,
  title={Understanding the user - why, what and how?},
  author={Sridhar, MS},
  journal={Library Science with a slant to Documentation and Information Studies},
  volume={32},
  number={4},
  pages={151--164},
  year={1995}
}

@Book{morris2016infrastructure,
    author = {Morris, Kief},
    title = {Infrastructure as code : managing servers in the cloud},
    publisher = {O'Reilly Media},
    year = {2016},
    address = {Sebastopol, CA},
    isbn = {978-1-491-92435-8}
 }
 
@misc{devopsRoles,
    author = {Overby, Stephanie},
    title={7 DevOps roles you need to succeed},     url={https://techbeacon.com/devops/7-devops-roles-you-need-succeed}
}

@Book{chess2007secure,
    author = {Chess, Brian},
    title = {Secure programming with static analysis},
    publisher = {Addison-Wesley},
    year = {2007},
    address = {Upper Saddle River, NJ},
    isbn = {978-0-321-42477-8},
    pages={82}
}

@misc{manhattanDistance,
    author={Paul E. Black},
    title={Manhattan distance},
    journal={Dictionary of Algorithms and Data Structures},
    year={11 February 2019},
    note={[online] Accessed:16-May-2019},
    url={https://www.nist.gov/dads/HTML/manhattanDistance.html}
}

@misc{tensorflow,
    author={tensorflow},
    title={TensorFlow},
    url={https://www.tensorflow.org/},
    note={[online], Accessed:16-May-2019}
}

@misc{sublime,
    author={Skinner, Jon and Bond, Will},
    title={Sublime Text - A sophisticated text editor for code, markup and prose},
    url={https://www.sublimetext.com/},
    note={[online], Accessed:17-May-2019},
}